@misc{pica8-ocr,
  title = "Pica8 OVS Commands Reference",
  howpublished = "\url{https://docs.pica8.com/display/picos2102cg/OVS+Commands++Reference}",
  urldate = {2013-05-16},
}